@article{chisholm2015entity,
  title={Entity disambiguation with web links},
  author={Chisholm, Andrew and Hachey, Ben},
  journal={Transactions of the Association for Computational Linguistics},
  volume={3},
  pages={145--156},
  year={2015}
}

@inproceedings{chisholm2016akbc,
  title     = {Discovering Entity Knowledge Bases on the Web},
  author    = {Chisholm, Andrew and Radford, Will and Hachey, Ben},
  booktitle = {Proceedings of the 5th Workshop on Automated Knowledge Base Construction},
  pages     = {7--11},
  year      = {2016}
}

@article{hachenbergfinding,
  title={Finding Good URLs: Aligning Entities in Knowledge Bases with Public Web Document Representations},
  author={Hachenberg, Christian and Gottron, Thomas},
  pages     = {17--28},
  booktitle = {Workshop on Linked Entities, ISWC},
  year      = {2012} 
}

@inproceedings{cucerzan2007large,
  title={Large-Scale Named Entity Disambiguation Based on Wikipedia Data.},
  author={Cucerzan, Silviu},
  booktitle={EMNLP-CoNLL},
  volume={7},
  pages={708--716},
  year={2007}
}

@inproceedings{milne2008learning,
  title={Learning to link with wikipedia},
  author={Milne, David and Witten, Ian H},
  booktitle={Proceedings of the 17th ACM conference on Information and knowledge management},
  pages={509--518},
  year={2008},
  organization={ACM}
}

@inproceedings{mcnamee2009overview,
  title={Overview of the TAC 2009 knowledge base population track},
  author={McNamee, Paul and Dang, Hoa Trang},
  booktitle={Text Analysis Conference (TAC)},
  volume={17},
  pages={111--113},
  year={2009}
}

@inproceedings{zheng2012entity,
  title={Entity disambiguation with freebase},
  author={Zheng, Zhicheng and Si, Xiance and Li, Fangtao and Chang, Edward Y and Zhu, Xiaoyan},
  booktitle={Proceedings of the The 2012 IEEE/WIC/ACM International Joint Conferences on Web Intelligence and Intelligent Agent Technology-Volume 01},
  pages={82--89},
  year={2012},
  organization={IEEE Computer Society}
}

@inproceedings{bagga1998entity,
  title={Entity-based cross-document coreferencing using the vector space model},
  author={Bagga, Amit and Baldwin, Breck},
  booktitle={Proceedings of the 17th international conference on Computational linguistics-Volume 1},
  pages={79--85},
  year={1998},
  organization={Association for Computational Linguistics}
}

@article{bing2016distant,
  title={Distant IE by Bootstrapping Using Lists and Document Structure},
  author={Bing, Lidong and Ling, Mingyang and Wang, Richard C and Cohen, William W},
  journal={arXiv preprint arXiv:1601.00620},
  year={2016}
}

@inproceedings{hearst1992automatic,
  title={Automatic acquisition of hyponyms from large text corpora},
  author={Hearst, Marti A},
  booktitle={Proceedings of the 14th conference on Computational linguistics-Volume 2},
  pages={539--545},
  year={1992},
  organization={Association for Computational Linguistics}
}

@inproceedings{wang2007language,
  title={Language-independent set expansion of named entities using the web},
  author={Wang, Richard C and Cohen, William W},
  booktitle={Seventh IEEE International Conference on Data Mining (ICDM 2007)},
  pages={342--350},
  year={2007},
  organization={IEEE}
}

@inproceedings{singh2011large,
  title={Large-scale cross-document coreference using distributed inference and hierarchical models},
  author={Singh, Sameer and Subramanya, Amarnag and Pereira, Fernando and McCallum, Andrew},
  booktitle={Proceedings of the 49th Annual Meeting of the Association for Computational Linguistics: Human Language Technologies-Volume 1},
  pages={793--803},
  year={2011},
  organization={Association for Computational Linguistics}
}

@inproceedings{artiles2007semeval,
  title={The semeval-2007 weps evaluation: Establishing a benchmark for the web people search task},
  author={Artiles, Javier and Gonzalo, Julio and Sekine, Satoshi},
  booktitle={Proceedings of the 4th International Workshop on Semantic Evaluations},
  pages={64--69},
  year={2007},
  organization={Association for Computational Linguistics}
}

@techreport{yang2010reconstruct,
  title={Reconstruct logical hierarchical sitemap for related entity finding},
  author={Yang, Qing and Jiang, Peng and Zhang, Chunxia and Niu, Zhendong},
  year={2010},
  institution={DTIC Document}
}

@inproceedings{heng2011overview,
  title={Overview of the tac2011 knowledge base population track},
  author={Heng, J and Grishman, R and Dang, H},
  booktitle={Proceedings of the Fourth Text Analysis Conference (TAC 2011)},
  year={2011}
}

@inproceedings{nuray2009exploiting,
  title={Exploiting web querying for web people search in weps2},
  author={Nuray-Turan, Rabia and Chen, Zhaoqi and Kalashnikov, Dmitri V and Mehrotra, Sharad},
  booktitle = {Web People Search Evaluation Workshop, WWW},
  year={2009}
}

