@article{chisholm2015entity,
  title={Entity disambiguation with web links},
  author={Chisholm, Andrew and Hachey, Ben},
  journal={Transactions of the Association for Computational Linguistics},
  volume={3},
  pages={145--156},
  year={2015}
}

@inproceedings{chisholm2016akbc,
  title     = {Discovering Entity Knowledge Bases on the Web},
  author    = {Chisholm, Andrew and Radford, Will and Hachey, Ben},
  booktitle = {Workshop on Automated Knowledge Base Construction},
  year      = {2016}
}

@inproceedings{chisholm2016overview,
  title={Overview of the 2016 alta shared task: Cross-kb coreference},
  author={Chisholm, Andrew and Hachey, Ben and Molla, Diego},
  year= {2016}
}

@inproceedings{hachenbergfinding,
  title={Finding Good URLs: Aligning Entities in Knowledge Bases with Public Web Document Representations},
  author={Hachenberg, Christian and Gottron, Thomas},
  booktitle = {Workshop on Linked Entities, ISWC},
  year      = {2012} 
}
@inproceedings{Elkan:2008:LCO:1401890.1401920,
 author = {Elkan, Charles and Noto, Keith},
 title = {Learning Classifiers from Only Positive and Unlabeled Data},
 booktitle = {SIGKDD},
 year = {2008},
 isbn = {978-1-60558-193-4},
 location = {Las Vegas, Nevada, USA},
 numpages = {8},
 url = {http://doi.acm.org/10.1145/1401890.1401920},
 doi = {10.1145/1401890.1401920},
 acmid = {1401920}
} 


@inproceedings{delgado2014data,
  title={A data driven approach for person name disambiguation in web search results},
  author={Delgado, Agust{\'\i}n D and Mart{\'\i}nez, Raquel and V{\'\i}ctor Fresno, V{\'\i}ctor and Montalvo, Soto},
 booktitle = {COLING},
  year={2014}
}

@inproceedings{nuray2009exploiting,
  title={Exploiting web querying for web people search in {WePS2}},
  author={Nuray-Turan, Rabia and Chen, Zhaoqi and Kalashnikov, Dmitri V and Mehrotra, Sharad},
  booktitle = {Web People Search Evaluation Workshop, WWW},
  year={2009}
}


@inproceedings{liu2002partially,
  title={Partially supervised classification of text documents},
  author={Liu, Bing and Lee, Wee Sun and Li, Xiaoli},
   booktitle={ICML},
  year={2002}
}